[gd_scene load_steps=7 format=2]

[ext_resource path="res://src/lord/Lord.gd" type="Script" id=1]
[ext_resource path="res://src/lord/Cursor.gd" type="Script" id=2]
[ext_resource path="res://src/lord/spells/SetSpell.tscn" type="PackedScene" id=4]

[sub_resource type="CircleShape2D" id=1]

[sub_resource type="Animation" id=2]
resource_name = "Fade"
length = 0.333333
step = 0.0166667
tracks/0/type = "value"
tracks/0/path = NodePath("Label:modulate")
tracks/0/interp = 1
tracks/0/loop_wrap = true
tracks/0/imported = false
tracks/0/enabled = true
tracks/0/keys = {
"times": PoolRealArray( 0, 0.333333 ),
"transitions": PoolRealArray( 1, 1 ),
"update": 0,
"values": [ Color( 1, 1, 1, 1 ), Color( 1, 1, 1, 0 ) ]
}

[sub_resource type="Animation" id=3]
length = 0.001
tracks/0/type = "value"
tracks/0/path = NodePath("Label:modulate")
tracks/0/interp = 1
tracks/0/loop_wrap = true
tracks/0/imported = false
tracks/0/enabled = true
tracks/0/keys = {
"times": PoolRealArray( 0 ),
"transitions": PoolRealArray( 1 ),
"update": 0,
"values": [ Color( 1, 1, 1, 0 ) ]
}

[node name="Lord" type="Node2D"]
script = ExtResource( 1 )

[node name="Cursor" type="Area2D" parent="."]
unique_name_in_owner = true
collision_layer = 0
collision_mask = 64
script = ExtResource( 2 )

[node name="CollisionShape2D" type="CollisionShape2D" parent="Cursor"]
shape = SubResource( 1 )

[node name="Label" type="Label" parent="Cursor"]
modulate = Color( 1, 1, 1, 0 )
margin_left = -106.0
margin_top = -17.0
margin_right = -33.0
margin_bottom = -3.0
rect_scale = Vector2( 3, 3 )
text = "Too close..."

[node name="Sprite" type="Sprite" parent="Cursor"]

[node name="AnimationPlayer" type="AnimationPlayer" parent="Cursor"]
unique_name_in_owner = true
anims/Fade = SubResource( 2 )
anims/RESET = SubResource( 3 )

[node name="MainCam" type="Camera2D" parent="."]
unique_name_in_owner = true
zoom = Vector2( 1.5, 1.5 )

[node name="CanvasLayer" type="CanvasLayer" parent="."]

[node name="SetSpell" parent="CanvasLayer" instance=ExtResource( 4 )]
unique_name_in_owner = true

[node name="COOLDEBUG" type="Label" parent="CanvasLayer"]
unique_name_in_owner = true
visible = false
margin_left = 711.0
margin_top = 381.0
margin_right = 991.0
margin_bottom = 486.0
text = "You really need to turn this into an autoload"

[connection signal="area_entered" from="Cursor" to="." method="_on_Cursor_area_entered"]
[connection signal="area_exited" from="Cursor" to="." method="_on_Cursor_area_exited"]
